
@book{qtbook,
	Author = {Daniel Molkentin},
	Howpublished = {Open Source Press GmbH},
	Note = {1. Auflage},
	Title = {The Book of QT 4.0},
	Year = {2006}}

@misc{vorteileQt1,
 Author = {Helmut Herold},
 Title = {Das Qt-Buch Portable GUI-Programmierung unter Linux/Unix/Windows },
 Url = {http://www.millin.de/lp-3-89990-122-3.pdf},
 Urldate = {2014-10-27},
 Year = {2014}}


@misc{vorteileQt2,
 Author = {Helmut Herold},
 Title = {C++, UML und Design Patterns: Grundlagen und Praxis der Objektorientierung Kapitel 29},
 Url = {https://books.google.de/books?id=6NhV153imi4C&pg=PA777},
 Urldate = {2014-10-27},
 Year = {2014}}


@misc{vorteileQt3,
 Author = {Prof. Dr. rer. nat. Gerhard Dikta},
 Title = {Einführung in die GUI-Programmierung mit Qt 4},
 Url = {https://www.matse.itc.rwth-aachen.de/dienste/public/show_document.php?id=8048},
 Urldate = {2014-10-27},
 Year = {2014}}

@misc{tabviewstyleBib,
 Howpublished = {http://doc.qt.io},
 Author = {Qt Documentation},
 Title = {TabViewStyle},
 Url = {http://doc.qt.io/qt-5/qml-qtquick-controls-styles-tabviewstyle.html},
 Urldate = {2015–01-02},
 Year = {2014}}


@misc{tabviewstyle,
 Howpublished = {http://doc.qt.io},
 Author = {Qt Documentation},
 Title = {TabViewStyle},
 Url = {http://doc.qt.io/qt-5/qml-qtquick-controls-styles-tabviewstyle.html},
 Urldate = {2015-01-02},
 Year = {2015}}

@misc{qmldoc,
 Howpublished = {http://doc.qt.io},
 Author = {Qt Documentation},
 Title = {Qml Documentation},
 Url = {http://doc.qt.io/qt-5/qtqml-index.html},
 Urldate = {2014-11-10},
 Year = {2014}}

@misc{qmltuto,
 Howpublished = {http://doc.qt.io},
 Author = {Qt Documentation},
 Title = {Qml Tutorial},
 Url = {http://qt-project.org/doc/qt-4.8/qml-tutorial.html},
 Urldate = {2014-11-10},
 Year = {2014}}

@misc{qmlevents,
 Howpublished = {http://doc.qt.io},
 Author = {Qt Documentation},
 Title = {Qml Events},
 Url = {http://qt-project.org/doc/qt-4.8/qmlevents.html},
 Urldate = {2014-11-10},
 Year = {2014}}

@misc{qplot2,
 Howpublished = {http://doc.qt.io},
 Author = {QCustomPlot},
 Title = {Setting up QCostumPlot},
 Url = {http://www.qcustomplot.com/index.php/tutorials/settingup},
 Urldate = {2014-11-11},
 Year = {2014}}

@misc{qplot1,
 Howpublished = {http://doc.qt.io},
 Author = {QCustomPlot},
 Title = {Integrate QCustomPlot to Qml},
 Url = {http://www.qcustomplot.com/index.php/support/forum/172},
 Urldate = {2014-11-12},
 Year = {2014}}

@misc{qmlc,
 Howpublished = {http://doc.qt.io},
 Author = {Qt Documentation},
 Title = {Exchanging Data between Qml and C++},
 Url = {http://doc.qt.io/qt-5/qtqml-cppintegration-interactqmlfromcpp.html},
 Urldate = {2014-11-03},
 Year = {2014}}


@misc{qmlqt,
 Howpublished = {http://doc.qt.io},
 Author = {Qt Documentation},
 Title = {Qt and QML Interaction},
 Url = {http://doc.qt.io/qt-5/qtqml-cppintegration-interactqmlfromcpp.html},
 Urldate = {2014-11-02},
 Year = {2014}}

@misc{mvp,
 Howpublished = {http://doc.qt.io},
 Author = {Qt Documentation},
 Title = {Model/View Programming},
 Url = {http://qt-project.org/doc/qt-4.8/model-view-programming.html},
 Urldate = {2014-11-01},
 Year = {2014}}

@misc{mv,
 Author = {Qt Documentation},
 Howpublished = {http://doc.qt.io},
 Title = {Model/View Concept},
 Url = {http://qt-project.org/doc/qt-4.8/modelview.html},
 Urldate = {2014-11-01},
 Year = {2014}}

@Misc{testbook,
  Title                    = {Titel},

  Author                   = {Author},
  HowPublished             = {\url{http://www.google.de}},
  Note                     = {Zugriff am xx.xx.xxxx}
}

@misc{qtcpserver,
   author =       {Qt Documentation},
   title =        {QTcpServer Class},
   howpublished = {http://doc.qt.io},
   year =         {2014},
   url =          {http://doc.qt.io/qt-5/qtcpserver.html},
   urldate =      {2014-12-23}
}

@misc{qudpsocket,
   author =       {Qt Documentation},
   title =        {QUdpSocket Class},
   howpublished = {http://doc.qt.io},
   year =         {2014},
   url =          {http://doc.qt.io/qt-5/qudpsocket.html},
   urldate =      {2014-12-23}
}

@misc{qsqldatabase,
   author =       {Qt Documentation},
   title =        {QSqlDatabase Class},
   howpublished = {http://doc.qt.io},
   year =         {2014},
   url =          {http://doc.qt.io/qt-5/qsqldatabase.html},
   urldate =      {2014-12-23}
}

@misc{qtbluetooth,
   author =       {Qt Documentation},
   title =        {Qt Bluetooth},
   howpublished = {http://doc.qt.io},
   year =         {2014},
   url =          {http://doc.qt.io/qt-5/qtbluetooth-index.html},
   urldate =      {2015-01-10}
}

@misc{messprinzip-pulsoxi,
   author =       {Thomas Erler},
   title =        {Meßprinzip der Pulsoximetrie},
   howpublished = {http://edoc.hu-berlin.de},
   year =         {2004},
   url =          {http://edoc.hu-berlin.de/habilitationen/erler-thomas-2002-12-03/HTML/chapter3.html},
   urldate =      {2015-01-10}
}

@misc{graphview,
   author =       {Thomas Gehring},
   title =        {Graph View},
   howpublished = {http://www.android-graphview.org/},
   year =         {2015},
   url =          {http://www.android-graphview.org/},
   urldate =      {2015-01-13}
}

@misc{android-wear-dev,
   author =       {Google Inc.},
   title =        {Android Wear | Android Developers},
   howpublished = {https://developer.android.com},
   year =         {2015},
   url =          {https://developer.android.com/wear/index.html},
   urldate =      {2015-01-13}
}


@book{behandlungsassitenz,
  Title                    = {Behandlungsassistenz in der Arztpraxis},
  Author                   = {Dr. Uta Groger},
  HowPublished             = {Cornelsen Verlag},
  year                     = {2007},
  note                     = {1. Auflage}
}
